<?xml version="1.0" encoding="UTF-8"?>
<record xmlns="http://www.loc.gov/MARC21/slim" xmlns:zs="http://docs.oasis-open.org/ns/search-ws/sruResponse">
 <leader>
  04164cpcaa22006617a 4500
 </leader>
 <controlfield tag="001">
  11809991
 </controlfield>
 <controlfield tag="005">
  20221020130221.0
 </controlfield>
 <controlfield tag="008">
  950828i19851985aku                 eng
 </controlfield>
 <datafield ind1=" " ind2=" " tag="906">
  <subfield code="a">
   7
  </subfield>
  <subfield code="b">
   cbc
  </subfield>
  <subfield code="c">
   orignew
  </subfield>
  <subfield code="d">
   1
  </subfield>
  <subfield code="e">
   ncip
  </subfield>
  <subfield code="f">
   19
  </subfield>
  <subfield code="g">
   y-folklife
  </subfield>
 </datafield>
 <datafield ind1=" " ind2=" " tag="955">
  <subfield code="a">
   mfor ?/?/95; shal 10/13/99; cker 01/07/00; mkru 2004-06-09; mkru 2004-07-29; mkru 2004-09-30; mkru 2004-11-26; mkru 2005-07-12; mkru 2010-05-25; cker 2011-12-09
  </subfield>
  <subfield code="a">
   mkru 2012-12-20
  </subfield>
  <subfield code="a">
   mkru 2013-01-07
  </subfield>
  <subfield code="a">
   mseg 2013-11-25
  </subfield>
  <subfield code="a">
   mkru 2016-01-20
  </subfield>
  <subfield code="a">
   mkru 2018-03-19
  </subfield>
 </datafield>
 <datafield ind1=" " ind2=" " tag="010">
  <subfield code="a">
   2004695175
  </subfield>
 </datafield>
 <datafield ind1=" " ind2=" " tag="035">
  <subfield code="a">
   afc95000008
  </subfield>
 </datafield>
 <datafield ind1=" " ind2=" " tag="040">
  <subfield code="a">
   DLC
  </subfield>
  <subfield code="c">
   DLC
  </subfield>
  <subfield code="d">
   DLC
  </subfield>
  <subfield code="e">
   dacs
  </subfield>
  <subfield code="d">
   DLC
  </subfield>
 </datafield>
 <datafield ind1="0" ind2=" " tag="041">
  <subfield code="a">
   eng
  </subfield>
  <subfield code="d">
   eng
  </subfield>
  <subfield code="d">
   tli
  </subfield>
 </datafield>
 <datafield ind1=" " ind2=" " tag="043">
  <subfield code="a">
   n-us-ak
  </subfield>
 </datafield>
 <datafield ind1=" " ind2=" " tag="090">
  <subfield code="a">
   VAP 7656-7657
  </subfield>
 </datafield>
 <datafield ind1=" " ind2=" " tag="090">
  <subfield code="a">
   AFC 1986/017:MV1-MV2
  </subfield>
 </datafield>
 <datafield ind1=" " ind2=" " tag="090">
  <subfield code="a">
   AFC 1986/017
  </subfield>
 </datafield>
 <datafield ind1="0" ind2="0" tag="245">
  <subfield code="a">
   Agnes Bellinger Tlingit collection,
  </subfield>
  <subfield code="f">
   1985 /
  </subfield>
  <subfield code="c">
   collected by Agnes Bellinger.
  </subfield>
 </datafield>
 <datafield ind1=" " ind2=" " tag="260">
  <subfield code="c">
   1985.
  </subfield>
 </datafield>
 <datafield ind1=" " ind2=" " tag="300">
  <subfield code="3">
   manuscripts
  </subfield>
  <subfield code="a">
   1
  </subfield>
  <subfield code="f">
   pamphlet.
  </subfield>
 </datafield>
 <datafield ind1=" " ind2=" " tag="300">
  <subfield code="3">
   moving images
  </subfield>
  <subfield code="a">
   1 videocassette of 1 (VHS) (30 min.) :
  </subfield>
  <subfield code="b">
   sound, color ;
  </subfield>
  <subfield code="c">
   1/2 in.
  </subfield>
 </datafield>
 <datafield ind1=" " ind2=" " tag="300">
  <subfield code="3">
   moving images
  </subfield>
  <subfield code="a">
   1 videocassette of 1 (Beta) (90 min.) :
  </subfield>
  <subfield code="b">
   sound, color ;
  </subfield>
  <subfield code="c">
   1/2 in.
  </subfield>
 </datafield>
 <datafield ind1=" " ind2=" " tag="518">
  <subfield code="a">
   Recorded at the Alaska Folk Festival, Centennial Hall, Juneau, Alaska and in a classroom setting by KTOO-TV, Juneau, Alaska, copyright 1985. The videotaped lecture was recorded at unknown location.
  </subfield>
 </datafield>
 <datafield ind1=" " ind2=" " tag="520">
  <subfield code="a">
   Collection comprises two videocassettes and a pamphlet on traditional music, dance, and other customs of the Tlingit nation of southeastern Alaska. One video, produced by KTOO-TV, 1985, depicts the Eagle-Raven dancers directed by Agnes Bellinger at the Alaska Folk Festival dressed in traditional regalia that includes headdresses and hats, button blankets, and face paint. They perform six numbers, including an entrance song, clan song, and exit song. Drumming and chanting accompany the dancing. The second video documents a lecture on Tlingit culture given by Agnes Bellinger. The pamphlet titled "Tracks Along the Beach: Tales of The Raven" (18 p.) was compiled by Bellinger and includes seven tales about Raven.
  </subfield>
 </datafield>
 <datafield ind1="8" ind2=" " tag="524">
  <subfield code="a">
   Agnes Bellinger Tlingit collection (AFC 1986/017), Archive of Folk Culture, American Folklife Center, Library of Congress, Washington, D.C.
  </subfield>
 </datafield>
 <datafield ind1="1" ind2=" " tag="506">
  <subfield code="a">
   Collection is open for research. Access to recordings may be restricted. To request materials, please contact the Folklife Reading Room at
  </subfield>
  <subfield code="u">
   https://hdl.loc.gov/loc.afc/folklife.contact
  </subfield>
 </datafield>
 <datafield ind1=" " ind2=" " tag="540">
  <subfield code="a">
   Duplication of the collection materials may be governed by copyright and other restrictions.
  </subfield>
 </datafield>
 <datafield ind1=" " ind2=" " tag="541">
  <subfield code="a">
   Agnes Bellinger;
  </subfield>
  <subfield code="c">
   Donation;
  </subfield>
  <subfield code="d">
   1986.
  </subfield>
 </datafield>
 <datafield ind1=" " ind2=" " tag="545">
  <subfield code="a">
   Tlingit elder Agnes Bellinger directed the Eagle-Raven Dancers. The collection documents her efforts to revitalize Tlingit culture through performance, lectures, and writings.
  </subfield>
 </datafield>
 <datafield ind1=" " ind2=" " tag="546">
  <subfield code="3">
   Videocassettes
  </subfield>
  <subfield code="a">
   in English and Tlingit.
  </subfield>
 </datafield>
 <datafield ind1=" " ind2=" " tag="546">
  <subfield code="3">
   Pamphlet
  </subfield>
  <subfield code="a">
   in English.
  </subfield>
 </datafield>
 <datafield ind1="0" ind2=" " tag="555">
  <subfield code="a">
   Finding aid is available in the Library of Congress Folklife Reading Room and at
  </subfield>
  <subfield code="u">
   https://hdl.loc.gov/loc.afc/eadafc.af013002
  </subfield>
 </datafield>
 <datafield ind1=" " ind2="0" tag="650">
  <subfield code="a">
   Tlingit Indians
  </subfield>
  <subfield code="z">
   Alaska
  </subfield>
  <subfield code="v">
   Music.
  </subfield>
 </datafield>
 <datafield ind1=" " ind2="0" tag="650">
  <subfield code="a">
   Tlingit Indians
  </subfield>
  <subfield code="z">
   Alaska
  </subfield>
  <subfield code="x">
   Rites and ceremonies.
  </subfield>
 </datafield>
 <datafield ind1=" " ind2="0" tag="650">
  <subfield code="a">
   Tlingit Indians
  </subfield>
  <subfield code="z">
   Alaska
  </subfield>
  <subfield code="x">
   Social life and customs.
  </subfield>
 </datafield>
 <datafield ind1=" " ind2="0" tag="650">
  <subfield code="a">
   Dance
  </subfield>
  <subfield code="z">
   Alaska.
  </subfield>
 </datafield>
 <datafield ind1=" " ind2="0" tag="650">
  <subfield code="a">
   Dance music
  </subfield>
  <subfield code="z">
   Alaska.
  </subfield>
 </datafield>
 <datafield ind1=" " ind2="0" tag="650">
  <subfield code="a">
   Dance costume
  </subfield>
  <subfield code="z">
   Alaska.
  </subfield>
 </datafield>
 <datafield ind1="0" ind2="0" tag="600">
  <subfield code="a">
   Raven
  </subfield>
  <subfield code="c">
   (Trickster)
  </subfield>
 </datafield>
 <datafield ind1=" " ind2="0" tag="650">
  <subfield code="a">
   Folk festivals
  </subfield>
  <subfield code="z">
   Alaska
  </subfield>
  <subfield code="z">
   Juneau.
  </subfield>
 </datafield>
 <datafield ind1=" " ind2="0" tag="650">
  <subfield code="a">
   Tales
  </subfield>
  <subfield code="z">
   Alaska.
  </subfield>
 </datafield>
 <datafield ind1=" " ind2="0" tag="650">
  <subfield code="a">
   Tlingit Indians
  </subfield>
  <subfield code="x">
   Clothing
  </subfield>
  <subfield code="z">
   Alaska.
  </subfield>
 </datafield>
 <datafield ind1=" " ind2="0" tag="650">
  <subfield code="a">
   Musical instruments
  </subfield>
  <subfield code="z">
   Alaska.
  </subfield>
 </datafield>
 <datafield ind1=" " ind2="7" tag="655">
  <subfield code="a">
   Pamphlets.
  </subfield>
  <subfield code="2">
   aat
  </subfield>
 </datafield>
 <datafield ind1=" " ind2="7" tag="655">
  <subfield code="a">
   Lectures.
  </subfield>
  <subfield code="2">
   aat
  </subfield>
 </datafield>
 <datafield ind1=" " ind2="7" tag="655">
  <subfield code="a">
   Videocassettes.
  </subfield>
  <subfield code="2">
   aat
  </subfield>
 </datafield>
 <datafield ind1="1" ind2=" " tag="700">
  <subfield code="a">
   Bellinger, Agnes,
  </subfield>
  <subfield code="d">
   1927-2006,
  </subfield>
  <subfield code="e">
   collector,
  </subfield>
  <subfield code="e">
   speaker.
  </subfield>
 </datafield>
 <datafield ind1="2" ind2=" " tag="710">
  <subfield code="a">
   KTOO-TV (Television station : Juneau, Alaska)
  </subfield>
 </datafield>
 <datafield ind1="2" ind2=" " tag="711">
  <subfield code="a">
   Alaska Folk Festival.
  </subfield>
 </datafield>
 <datafield ind1="0" ind2="2" tag="740">
  <subfield code="a">
   Tracks along the beach: tales of the raven.
  </subfield>
 </datafield>
 <datafield ind1="0" ind2=" " tag="740">
  <subfield code="a">
   Tales of the raven.
  </subfield>
 </datafield>
 <datafield ind1=" " ind2=" " tag="852">
  <subfield code="a">
   Library of Congress
  </subfield>
  <subfield code="b">
   Archive of Folk Culture, American Folklife Center,
  </subfield>
  <subfield code="e">
   101 Independence Ave. S.E., Washington, DC USA 20540-4610
  </subfield>
  <subfield code="u">
   https://hdl.loc.gov/loc.afc/folklife.home
  </subfield>
 </datafield>
 <datafield ind1="4" ind2="2" tag="856">
  <subfield code="3">
   Finding aid
  </subfield>
  <subfield code="u">
   https://hdl.loc.gov/loc.afc/eadafc.af013002
  </subfield>
 </datafield>
 <datafield ind1=" " ind2=" " tag="985">
  <subfield code="a">
   AFC/Bellinger
  </subfield>
  <subfield code="e">
   DHC
  </subfield>
 </datafield>
 <datafield ind1=" " ind2=" " tag="985">
  <subfield code="a">
   afc/ead
  </subfield>
 </datafield>
 <datafield ind1=" " ind2=" " tag="985">
  <subfield code="a">
   afc/coll
  </subfield>
 </datafield>
 <datafield ind1=" " ind2=" " tag="985">
  <subfield code="a">
   afc/nac
  </subfield>
 </datafield>
</record>
